
@article{hoidn2024probabilistic,
  title={Probabilistic Mixture Model-Based Spectral Unmixing},
  author={Hoidn, Oliver and Mishra, Aashwin Ananda and Mehta, Apurva},
  journal={Applied Sciences},
  volume={14},
  number={11},
  pages={4836},
  year={2024},
  publisher={MDPI}
}

@article{zhao2016fast,
  title={Fast steerable principal component analysis},
  author={Zhao, Zhizhen and Shkolnisky, Yoel and Singer, Amit},
  journal={IEEE transactions on computational imaging},
  volume={2},
  number={1},
  pages={1--12},
  year={2016},
  publisher={IEEE}
}

@article{hoidn2023physics,
  title={Physics constrained unsupervised deep learning for rapid, high resolution scanning coherent diffraction reconstruction},
  author={Hoidn, Oliver and Mishra, Aashwin Ananda and Mehta, Apurva},
  journal={Scientific Reports},
  volume={13},
  number={1},
  pages={22789},
  year={2023},
  publisher={Nature Publishing Group UK London}
}
